@article{bissantz2009data,
  title={Data Mining (Datenmustererkennung)},
  author={Bissantz, Nicolas and Hagedorn, J{\"u}rgen},
  journal={Wirtschaftsinformatik},
  volume={51},
  number={1},
  pages={139--144},
  year={2009},
  publisher={Springer}
}

@article{blockeel2015data,
  title={Data mining: from procedural to declarative approaches},
  author={Blockeel, Hendrik},
  journal={New Generation Computing},
  volume={33},
  number={2},
  pages={115--135},
  year={2015},
  publisher={Springer}
}

@article{garcia2012survey,
  title={A survey of discretization techniques: Taxonomy and empirical analysis in supervised learning},
  author={Garcia, Salvador and Luengo, Julian and S{\'a}ez, Jos{\'e} Antonio and Lopez, Victoria and Herrera, Francisco},
  journal={IEEE Transactions on Knowledge and Data Engineering},
  volume={25},
  number={4},
  pages={734--750},
  year={2012},
  publisher={IEEE}
}

@incollection{yang2009discretization,
  title={Discretization methods},
  author={Yang, Ying and Webb, Geoffrey I and Wu, Xindong},
  booktitle={Data mining and knowledge discovery handbook},
  pages={101--116},
  year={2009},
  publisher={Springer}
}


@inproceedings{agrawal1993mining,
  title={Mining association rules between sets of items in large databases},
  author={Agrawal, Rakesh and Imieli{\'n}ski, Tomasz and Swami, Arun},
  booktitle={Proceedings of the 1993 ACM SIGMOD international conference on Management of data},
  pages={207--216},
  year={1993}
}



@inproceedings{liu1998integrating,
  title={Integrating classification and association rule mining.},
  author={Liu, Bing and Hsu, Wynne and Ma, Yiming and others},
  booktitle={KDD},
  volume={98},
  pages={80--86},
  year={1998}
}


@article{nafie2018usage,
  title={Usage Apriori and clustering algorithms in WEKA tools to mining dataset of traffic accidents},
  author={Nafie Ali, Faisal Mohammed and Mohamed Hamed, Abdelmoneim Ali},
  journal={Journal of Information and Telecommunication},
  volume={2},
  number={3},
  pages={231--245},
  year={2018},
  publisher={Taylor \& Francis}
}

@inproceedings{agrawal1994fast,
  title={Fast algorithms for mining association rules},
  author={Agrawal, Rakesh and Srikant, Ramakrishnan and others},
  booktitle={Proc. 20th int. conf. very large data bases, VLDB},
  volume={1215},
  pages={487--499},
  year={1994}
}


@incollection{palancar2008compressed,
  title={A compressed vertical binary algorithm for mining frequent patterns},
  author={Palancar, J Hdez and Le{\'o}n, R Hdez and Pagola, J Medina and Hechavarr{\'\i}a, A},
  booktitle={Data Mining: Foundations and Practice},
  pages={197--211},
  year={2008},
  publisher={Springer}
}

@inproceedings{ye2006parallel,
  title={A parallel apriori algorithm for frequent itemsets mining},
  author={Ye, Yanbin and Chiang, Chia-Chu},
  booktitle={Fourth International Conference on Software Engineering Research, Management and Applications (SERA'06)},
  pages={87--94},
  year={2006},
  organization={IEEE}
}


@article{srivastava2014weka,
  title={Weka: a tool for data preprocessing, classification, ensemble, clustering and association rule mining},
  author={Srivastava, Shweta},
  journal={International Journal of Computer Applications},
  volume={88},	
  number={10},
  year={2014},
  publisher={Citeseer}
}

@article{hall2009weka,
  title={The WEKA data mining software: an update},
  author={Hall, Mark and Frank, Eibe and Holmes, Geoffrey and Pfahringer, Bernhard and Reutemann, Peter and Witten, Ian H},
  journal={ACM SIGKDD explorations newsletter},
  volume={11},
  number={1},
  pages={10--18},
  year={2009},
  publisher={ACM New York, NY, USA}
  
}

@article{bickton2016climate,
  title={Climate change as the biggest threat to public health in southern Africa and measures to reduce its impacts},
  author={Bickton, Fanuel M},
  journal={Malawi Medical Journal},
  volume={28},
  number={2},
  pages={70--72},
  year={2016},
  publisher={Medical Association of Malawi}
}

@article{naruo1990development,
  title={Development of a knowledge-based decision support system for diagnosing malfunctions of advanced production equipment},
  author={NARUO, NOBUYUKI and Lehto, Mark and Salvendy, Gavriel},
  journal={THE INTERNATIONAL JOURNAL OF PRODUCTION RESEARCH},
  volume={28},
  number={12},
  pages={2259--2276},
  year={1990},
  publisher={Taylor \& Francis}
}

@inproceedings{jiang2009approximate,
  title={Approximate equal frequency discretization method},
  author={Jiang, Sheng-yi and Li, Xia and Zheng, Qi and Wang, Lian-xi},
  booktitle={2009 WRI Global Congress on Intelligent Systems},
  volume={3},
  pages={514--518},
  year={2009},
  organization={IEEE}
}

@article{bellaachia2006predicting,
  title={Predicting breast cancer survivability using data mining techniques},
  author={Bellaachia, Abdelghani and Guven, Erhan},
  journal={Age},
  volume={58},
  number={13},
  pages={10--110},
  year={2006}
}

@article{dent2011application,
  title={The application of a data mining framework to energy usage profiling in domestic residences using UK data},
  author={Dent, Ian and Aickelin, Uwe and Rodden, Tom},
  journal={Available at SSRN 2829282},
  year={2011}
}



@misc{docarff,
title={ARFF documentation},
author={Eibe Frank, Gordon Paynter, Len Trigg},
note={https://www.cs.waikato.ac.nz/ml/weka/arff.html, Last accessed: 2020-03-10}
}

@misc{eneriq,
title={ENER-IQ presentation page},
note={https://eneriq.com/#!/ueber-uns, Last accessed: 2020-03-12}
}


